@PREAMBLE{
 "\providecommand{\noopsort}[1]{}" 
 # "\providecommand{\singleletter}[1]{#1}%" 
}
@ARTICLE{BCR1,
       author = {{Isi}, Maximiliano and {Smith}, Rory and {Vitale}, Salvatore and
         {Massinger}, T.~J. and {Kanner}, Jonah and {Vajpeyi}, Avi},
        title = "{Enhancing confidence in the detection of gravitational waves from compact binaries using signal coherence}",
      journal = {\prd},
     keywords = {General Relativity and Quantum Cosmology, Astrophysics - High Energy Astrophysical Phenomena, Physics - Data Analysis, Statistics and Probability},
         year = "2018",
        month = "Aug",
       volume = {98},
       number = {4},
          eid = {042007},
        pages = {042007},
          doi = {10.1103/PhysRevD.98.042007},
archivePrefix = {arXiv},
       eprint = {1803.09783},
 primaryClass = {gr-qc},
       adsurl = {https://ui.adsabs.harvard.edu/abs/2018PhRvD..98d2007I},
      adsnote = {Provided by the SAO/NASA Astrophysics Data System}
}


@ARTICLE{pycbc_short_duration_transients,
       author = {{Nitz}, Alexander H.},
        title = "{Distinguishing short duration noise transients in LIGO data to improve the PyCBC search for gravitational waves from high mass binary black hole mergers}",
      journal = {Classical and Quantum Gravity},
     keywords = {General Relativity and Quantum Cosmology},
         year = "2018",
        month = "Feb",
       volume = {35},
       number = {3},
          eid = {035016},
        pages = {035016},
          doi = {10.1088/1361-6382/aaa13d},
archivePrefix = {arXiv},
       eprint = {1709.08974},
 primaryClass = {gr-qc},
       adsurl = {https://ui.adsabs.harvard.edu/abs/2018CQGra..35c5016N},
      adsnote = {Provided by the SAO/NASA Astrophysics Data System}
}


@ARTICLE{pe_with_glitch,
       author = {{Powell}, Jade},
        title = "{Parameter estimation and model selection of gravitational wave signals contaminated by transient detector noise glitches}",
      journal = {Classical and Quantum Gravity},
     keywords = {Astrophysics - Instrumentation and Methods for Astrophysics, Astrophysics - High Energy Astrophysical Phenomena},
         year = "2018",
        month = "Aug",
       volume = {35},
       number = {15},
          eid = {155017},
        pages = {155017},
          doi = {10.1088/1361-6382/aacf18},
archivePrefix = {arXiv},
       eprint = {1803.11346},
 primaryClass = {astro-ph.IM},
       adsurl = {https://ui.adsabs.harvard.edu/abs/2018CQGra..35o5017P},
      adsnote = {Provided by the SAO/NASA Astrophysics Data System}
}

@ARTICLE{blip_glitches,
       author = {{Cabero}, M. and {Lundgren}, A. and {Nitz}, A.~H. and {Dent}, T. and
         {Barker}, D. and {Goetz}, E. and {Kissel}, J.~S. and {Nuttall}, L.~K. and
         {Schale}, P. and {Schofield}, R. and {Davis}, D.},
        title = "{Blip glitches in Advanced LIGO data}",
      journal = {Classical and Quantum Gravity},
     keywords = {Physics - Instrumentation and Detectors},
         year = "2019",
        month = "Aug",
       volume = {36},
       number = {15},
          eid = {155010},
        pages = {155010},
          doi = {10.1088/1361-6382/ab2e14},
archivePrefix = {arXiv},
       eprint = {1901.05093},
 primaryClass = {physics.ins-det},
       adsurl = {https://ui.adsabs.harvard.edu/abs/2019CQGra..36o5010C},
      adsnote = {Provided by the SAO/NASA Astrophysics Data System}
}

@ARTICLE{IAS_2,
       author = {{Zackay}, Barak and {Dai}, Liang and {Venumadhav}, Tejaswi and
         {Roulet}, Javier and {Zaldarriaga}, Matias},
        title = "{Detecting Gravitational Waves With Disparate Detector Responses: Two New Binary Black Hole Mergers}",
      journal = {arXiv e-prints},
     keywords = {Astrophysics - High Energy Astrophysical Phenomena, Astrophysics - Instrumentation and Methods for Astrophysics, General Relativity and Quantum Cosmology},
         year = "2019",
        month = "Oct",
          eid = {arXiv:1910.09528},
        pages = {arXiv:1910.09528},
archivePrefix = {arXiv},
       eprint = {1910.09528},
 primaryClass = {astro-ph.HE},
       adsurl = {https://ui.adsabs.harvard.edu/abs/2019arXiv191009528Z},
      adsnote = {Provided by the SAO/NASA Astrophysics Data System}
}


@ARTICLE{ligo_imbh_search,
         author = {{Abbott}, B.~P. and {Abbott}, R. and {Abbott}, T.~D. and others},
  collaboration = {LIGO Scientific Collaboration and Virgo Collaboration},
        title = "{Search for intermediate mass black hole binaries in the first and second observing runs of the Advanced LIGO and Virgo network}",
      journal = {arXiv e-prints},
     keywords = {General Relativity and Quantum Cosmology, Astrophysics - High Energy Astrophysical Phenomena},
         year = "2019",
        month = "Jun",
          eid = {arXiv:1906.08000},
        pages = {arXiv:1906.08000},
archivePrefix = {arXiv},
       eprint = {1906.08000},
 primaryClass = {gr-qc},
       adsurl = {https://ui.adsabs.harvard.edu/abs/2019arXiv190608000T},
      adsnote = {Provided by the SAO/NASA Astrophysics Data System}
}


@article{GWTC1,
  title = {GWTC-1: A Gravitational-Wave Transient Catalog of Compact Binary Mergers Observed by LIGO and Virgo during the First and Second Observing Runs},
  author = {{Abbott}, B.~P. and {Abbott}, R. and {Abbott}, T.~D. and others},
  collaboration = {LIGO Scientific Collaboration and Virgo Collaboration},
  journal = {\prx},
  volume = {9},
  issue = {3},
  pages = {031040},
  numpages = {49},
  year = {2019},
  month = {Sep},
  publisher = {American Physical Society},
  doi = {10.1103/PhysRevX.9.031040},
  url = {https://link.aps.org/doi/10.1103/PhysRevX.9.031040}
}

@ARTICLE{O2_population,
       author = {{Abbott}, B.~P. and {Abbott}, R. and {Abbott}, T.~D. and others},
        title = "{Binary Black Hole Population Properties Inferred from the First and Second Observing Runs of Advanced LIGO and Advanced Virgo}",
      journal = {\apjl},
     keywords = {black holes, gravitational waves, statistical},
         year = "2019",
        month = "Sep",
       volume = {882},
       number = {2},
          eid = {L24},
        pages = {L24},
archivePrefix = {arXiv},
       eprint = {1811.12940},
 primaryClass = {astro-ph.HE},
          doi = {10.3847/2041-8213/ab3800},
       adsurl = {https://ui.adsabs.harvard.edu/abs/2019ApJ...882L..24A},
      adsnote = {Provided by the SAO/NASA Astrophysics Data System}
}


@article{bayeswave,
      author         = "Cornish, Neil J. and Littenberg, Tyson B.",
      title          = "{BayesWave: Bayesian Inference for Gravitational Wave
                        Bursts and Instrument Glitches}",
      journal        = {\cqg},
      volume         = "32",
      year           = "2015",
      number         = "13",
      pages          = "135012",
      doi            = "10.1088/0264-9381/32/13/135012",
      eprint         = "1410.3835",
      archivePrefix  = "arXiv",
      primaryClass   = "gr-qc"
}


@ARTICLE{chatziioannou2019noise,
       author = {{Chatziioannou}, Katerina and {Haster}, Carl-Johan and
         {Littenberg}, Tyson B. and {Farr}, Will M. and {Ghonge}, Sudarshan and
         {Millhouse}, Margaret and {Clark}, James A. and {Cornish}, Neil},
        title = "{Noise spectral estimation methods and their impact on gravitational wave measurement of compact binary mergers}",
      journal = {\prd},
         year = "2019",
        month = "Nov",
       volume = {100},
       number = {10},
          eid = {104004},
        pages = {104004},
          doi = {10.1103/PhysRevD.100.104004},
       adsurl = {https://ui.adsabs.harvard.edu/abs/2019PhRvD.100j4004C},
      adsnote = {Provided by the SAO/NASA Astrophysics Data System}
}


@article{fregeau2006imbhbRatePrediction,
title={Observing IMBH-IMBH binary coalescences via gravitational radiation},
author={Fregeau, John M and Larson, Shane L and Miller, M Coleman and Oâ€™Shaughnessy, Richard and Rasio, Frederic A},
journal={The Astrophysical Journal Letters},
volume={646},
number={2},
pages={L135},
year={2006},
publisher={IOP Publishing},
Keywords = {rates},
	Url={https://iopscience.iop.org/article/10.1086/507106/pdf}
}

@article{mandel2008rates,
  title={Rates and characteristics of intermediate mass ratio inspirals detectable by advanced LIGO},
  author={Mandel, Ilya and Brown, Duncan A and Gair, Jonathan R and Miller, M Coleman},
  journal={The Astrophysical Journal},
  volume={681},
  number={2},
  pages={1431},
  year={2008},
  publisher={IOP Publishing},
	Keywords ={rates},
	url = {http://www.chgk.info/~ilyamandel/papers/mbgm2008.pdf},
}

@article{rodriguez2015bbhRatePredictions,
  title={Binary black hole mergers from globular clusters: implications for Advanced LIGO},
  author={Rodriguez, Carl L and Morscher, Meagan and Pattabiraman, Bharath and Chatterjee, Sourav and Haster, Carl-Johan and Rasio, Frederic A},
  journal={Physical Review Letters},
  volume={115},
  number={5},
  pages={051101},
  year={2015},
  publisher={APS},
  Keywords = {rates},
  Url = {https://journals.aps.org/prl/pdf/10.1103/PhysRevLett.115.051101}
}


@article{gw190814,
	doi = {10.3847/2041-8213/ab960f},
	url = {https://doi.org/10.3847%2F2041-8213%2Fab960f},
	year = 2020,
	month = {jun},
	publisher = {American Astronomical Society},
	volume = {896},
	number = {2},
	pages = {L44},
	author = {R. Abbott and T. D. Abbott and S. Abraham and F. Acernese and K. Ackley and C. Adams and R. X. Adhikari and V. B. Adya and C. Affeldt and M. Agathos and K. Agatsuma and N. Aggarwal and O. D. Aguiar and A. Aich and L. Aiello and A. Ain and P. Ajith and S. Akcay and G. Allen and A. Allocca and P. A. Altin and A. Amato and S. Anand and A. Ananyeva and S. B. Anderson and W. G. Anderson and S. V. Angelova and S. Ansoldi and S. Antier and S. Appert and K. Arai and M. C. Araya and J. S. Areeda and M. Ar{\`{e}}ne and N. Arnaud and S. M. Aronson and K. G. Arun and Y. Asali and S. Ascenzi and G. Ashton and S. M. Aston and P. Astone and F. Aubin and P. Aufmuth and K. AultONeal and C. Austin and V. Avendano and S. Babak and P. Bacon and F. Badaracco and M. K. M. Bader and S. Bae and A. M. Baer and J. Baird and F. Baldaccini and G. Ballardin and S. W. Ballmer and A. Bals and A. Balsamo and G. Baltus and S. Banagiri and D. Bankar and R. S. Bankar and J. C. Barayoga and C. Barbieri and B. C. Barish and D. Barker and K. Barkett and P. Barneo and F. Barone and B. Barr and L. Barsotti and M. Barsuglia and D. Barta and J. Bartlett and I. Bartos and R. Bassiri and A. Basti and M. Bawaj and J. C. Bayley and M. Bazzan and B. B{\'{e}}csy and M. Bejger and I. Belahcene and A. S. Bell and D. Beniwal and M. G. Benjamin and R. Benkel and J. D. Bentley and F. Bergamin and B. K. Berger and G. Bergmann and S. Bernuzzi and C. P. L. Berry and D. Bersanetti and A. Bertolini and J. Betzwieser and R. Bhandare and A. V. Bhandari and J. Bidler and E. Biggs and I. A. Bilenko and G. Billingsley and R. Birney and O. Birnholtz and S. Biscans and M. Bischi and S. Biscoveanu and A. Bisht and G. Bissenbayeva and M. Bitossi and M. A. Bizouard and J. K. Blackburn and J. Blackman and C. D. Blair and D. G. Blair and R. M. Blair and F. Bobba and N. Bode and M. Boer and Y. Boetzel and G. Bogaert and F. Bondu and E. Bonilla and R. Bonnand and P. Booker and B. A. Boom and R. Bork and V. Boschi and S. Bose and V. Bossilkov and J. Bosveld and Y. Bouffanais and A. Bozzi and C. Bradaschia and P. R. Brady and A. Bramley and M. Branchesi and J. E. Brau and M. Breschi and T. Briant and J. H. Briggs and F. Brighenti and A. Brillet and M. Brinkmann and R. Brito and P. Brockill and A. F. Brooks and J. Brooks and D. D. Brown and S. Brunett and G. Bruno and R. Bruntz and A. Buikema and T. Bulik and H. J. Bulten and A. Buonanno and D. Buskulic and R. L. Byer and M. Cabero and L. Cadonati and G. Cagnoli and C. Cahillane and J. Calder{\'{o}}n Bustillo and J. D. Callaghan and T. A. Callister and E. Calloni and J. B. Camp and M. Canepa and K. C. Cannon and H. Cao and J. Cao and G. Carapella and F. Carbognani and S. Caride and M. F. Carney and G. Carullo and J. Casanueva Diaz and C. Casentini and J. Casta{\~{n}}eda and S. Caudill and M. Cavagli{\`{a}} and F. Cavalier and R. Cavalieri and G. Cella and P. Cerd{\'{a}}-Dur{\'{a}}n and E. Cesarini and O. Chaibi and K. Chakravarti and C. Chan and M. Chan and S. Chao and P. Charlton and E. A. Chase and E. Chassande-Mottin and D. Chatterjee and M. Chaturvedi and K. Chatziioannou and H. Y. Chen and X. Chen and Y. Chen and H.-P. Cheng and C. K. Cheong and H. Y. Chia and F. Chiadini and R. Chierici and A. Chincarini and A. Chiummo and G. Cho and H. S. Cho and M. Cho and N. Christensen and Q. Chu and S. Chua and K. W. Chung and S. Chung and G. Ciani and P. Ciecielag and M. Cie{\'{s}}lar and A. A. Ciobanu and R. Ciolfi and F. Cipriano and A. Cirone and F. Clara and J. A. Clark and P. Clearwater and S. Clesse and F. Cleva and E. Coccia and P.-F. Cohadon and D. Cohen and M. Colleoni and C. G. Collette and C. Collins and M. Colpi and M. Constancio and L. Conti and S. J. Cooper and P. Corban and T. R. Corbitt and I. Cordero-Carri{\'{o}}n and S. Corezzi and K. R. Corley and N. Cornish and D. Corre and A. Corsi and S. Cortese and C. A. Costa and R. Cotesta and M. W. Coughlin and S. B. Coughlin and J.-P. Coulon and S. T. Countryman and P. Couvares and P. B. Covas and D. M. Coward and M. J. Cowart and D. C. Coyne and R. Coyne and J. D. E. Creighton and T. D. Creighton and J. Cripe and M. Croquette and S. G. Crowder and J.-R. Cudell and T. J. Cullen and A. Cumming and R. Cummings and L. Cunningham and E. Cuoco and M. Curylo and T. Dal Canton and G. D{\'{a}}lya and A. Dana and L. M. Daneshgaran-Bajastani and B. D'Angelo and S. L. Danilishin and S. D'Antonio and K. Danzmann and C. Darsow-Fromm and A. Dasgupta and L. E. H. Datrier and V. Dattilo and I. Dave and M. Davier and G. S. Davies and D. Davis and E. J. Daw and D. DeBra and M. Deenadayalan and J. Degallaix and M. De Laurentis and S. Del{\'{e}}glise and M. Delfavero and N. De Lillo and W. Del Pozzo and L. M. DeMarchi and V. D'Emilio and N. Demos and T. Dent and R. De Pietri and R. De Rosa and C. De Rossi and R. DeSalvo and O. de Varona and S. Dhurandhar and M. C. D{\'{\i}}az and M. Diaz-Ortiz and T. Dietrich and L. Di Fiore and C. Di Fronzo and C. Di Giorgio and F. Di Giovanni and M. Di Giovanni and T. Di Girolamo and A. Di Lieto and B. Ding and S. Di Pace and I. Di Palma and F. Di Renzo and A. K. Divakarla and A. Dmitriev and Z. Doctor and F. Donovan and K. L. Dooley and S. Doravari and I. Dorrington and T. P. Downes and M. Drago and J. C. Driggers and Z. Du and J.-G. Ducoin and P. Dupej and O. Durante and D. D'Urso and S. E. Dwyer and P. J. Easter and G. Eddolls and B. Edelman and T. B. Edo and O. Edy and A. Effler and P. Ehrens and J. Eichholz and S. S. Eikenberry and M. Eisenmann and R. A. Eisenstein and A. Ejlli and L. Errico and R. C. Essick and H. Estelles and D. Estevez and Z. B. Etienne and T. Etzel and M. Evans and T. M. Evans and B. E. Ewing and V. Fafone and S. Fairhurst and X. Fan and S. Farinon and B. Farr and W. M. Farr and E. J. Fauchon-Jones and M. Favata and M. Fays and M. Fazio and J. Feicht and M. M. Fejer and F. Feng and E. Fenyvesi and D. L. Ferguson and A. Fernandez-Galiana and I. Ferrante and E. C. Ferreira and T. A. Ferreira and F. Fidecaro and I. Fiori and D. Fiorucci and M. Fishbach and R. P. Fisher and R. Fittipaldi and M. Fitz-Axen and V. Fiumara and R. Flaminio and E. Floden and E. Flynn and H. Fong and J. A. Font and P. W. F. Forsyth and J.-D. Fournier and S. Frasca and F. Frasconi and Z. Frei and A. Freise and R. Frey and V. Frey and P. Fritschel and V. V. Frolov and G. Fronz{\`{e}} and P. Fulda and M. Fyffe and H. A. Gabbard and B. U. Gadre and S. M. Gaebel and J. R. Gair and S. Galaudage and D. Ganapathy and A. Ganguly and S. G. Gaonkar and C. Garc{\'{\i}}a-Quir{\'{o}}s and F. Garufi and B. Gateley and S. Gaudio and V. Gayathri and G. Gemme and E. Genin and A. Gennai and D. George and J. George and L. Gergely and S. Ghonge and Abhirup Ghosh and Archisman Ghosh and S. Ghosh and B. Giacomazzo and J. A. Giaime and K. D. Giardina and D. R. Gibson and C. Gier and K. Gill and J. Glanzer and J. Gniesmer and P. Godwin and E. Goetz and R. Goetz and N. Gohlke and B. Goncharov and G. Gonz{\'{a}}lez and A. Gopakumar and S. E. Gossan and M. Gosselin and R. Gouaty and B. Grace and A. Grado and M. Granata and A. Grant and S. Gras and P. Grassia and C. Gray and R. Gray and G. Greco and A. C. Green and R. Green and E. M. Gretarsson and H. L. Griggs and G. Grignani and A. Grimaldi and S. J. Grimm and H. Grote and S. Grunewald and P. Gruning and G. M. Guidi and A. R. Guimaraes and G. Guix{\'{e}} and H. K. Gulati and Y. Guo and A. Gupta and Anchal Gupta and P. Gupta and E. K. Gustafson and R. Gustafson and L. Haegel and O. Halim and E. D. Hall and E. Z. Hamilton and G. Hammond and M. Haney and M. M. Hanke and J. Hanks and C. Hanna and M. D. Hannam and O. A. Hannuksela and T. J. Hansen and J. Hanson and T. Harder and T. Hardwick and K. Haris and J. Harms and G. M. Harry and I. W. Harry and R. K. Hasskew and C.-J. Haster and K. Haughian and F. J. Hayes and J. Healy and A. Heidmann and M. C. Heintze and J. Heinze and H. Heitmann and F. Hellman and P. Hello and G. Hemming and M. Hendry and I. S. Heng and E. Hennes and J. Hennig and M. Heurs and S. Hild and T. Hinderer and S. Y. Hoback and S. Hochheim and E. Hofgard and D. Hofman and A. M. Holgado and N. A. Holland and K. Holt and D. E. Holz and P. Hopkins and C. Horst and J. Hough and E. J. Howell and C. G. Hoy and Y. Huang and M. T. HÃ¼bner and E. A. Huerta and D. Huet and B. Hughey and V. Hui and S. Husa and S. H. Huttner and R. Huxford and T. Huynh-Dinh and B. Idzkowski and A. Iess and H. Inchauspe and C. Ingram and G. Intini and J.-M. Isac and M. Isi and B. R. Iyer and T. Jacqmin and S. J. Jadhav and S. P. Jadhav and A. L. James and K. Jani and N. N. Janthalur and P. Jaranowski and D. Jariwala and R. Jaume and A. C. Jenkins and J. Jiang and G. R. Johns and N. K. Johnson-McDaniel and A. W. Jones and D. I. Jones and J. D. Jones and P. Jones and R. Jones and R. J. G. Jonker and L. Ju and J. Junker and C. V. Kalaghatgi and V. Kalogera and B. Kamai and S. Kandhasamy and G. Kang and J. B. Kanner and S. J. Kapadia and S. Karki and R. Kashyap and M. Kasprzack and W. Kastaun and S. Katsanevas and E. Katsavounidis and W. Katzman and S. Kaufer and K. Kawabe and F. K{\'{e}}f{\'{e}}lian and D. Keitel and A. Keivani and R. Kennedy and J. S. Key and S. Khadka and F. Y. Khalili and I. Khan and S. Khan and Z. A. Khan and E. A. Khazanov and N. Khetan and M. Khursheed and N. Kijbunchoo and Chunglee Kim and G. J. Kim and J. C. Kim and K. Kim and W. Kim and W. S. Kim and Y.-M. Kim and C. Kimball and P. J. King and M. Kinley-Hanlon and R. Kirchhoff and J. S. Kissel and L. Kleybolte and S. Klimenko and T. D. Knowles and E. Knyazev and P. Koch and S. M. Koehlenbeck and G. Koekoek and S. Koley and V. Kondrashov and A. Kontos and N. Koper and M. Korobko and W. Z. Korth and M. Kovalam and D. B. Kozak and V. Kringel and N. V. Krishnendu and A. Kr{\'{o}}lak and N. Krupinski and G. Kuehn and A. Kumar and P. Kumar and Rahul Kumar and Rakesh Kumar and S. Kumar and L. Kuo and A. Kutynia and B. D. Lackey and D. Laghi and E. Lalande and T. L. Lam and A. Lamberts and M. Landry and P. Landry and B. B. Lane and R. N. Lang and J. Lange and B. Lantz and R. K. Lanza and I. La Rosa and A. Lartaux-Vollard and P. D. Lasky and M. Laxen and A. Lazzarini and C. Lazzaro and P. Leaci and S. Leavey and Y. K. Lecoeuche and C. H. Lee and H. M. Lee and H. W. Lee and J. Lee and K. Lee and J. Lehmann and N. Leroy and N. Letendre and Y. Levin and A. K. Y. Li and J. Li and K. li and T. G. F. Li and X. Li and F. Linde and S. D. Linker and J. N. Linley and T. B. Littenberg and J. Liu and X. Liu and M. Llorens-Monteagudo and R. K. L. Lo and A. Lockwood and L. T. London and A. Longo and M. Lorenzini and V. Loriette and M. Lormand and G. Losurdo and J. D. Lough and C. O. Lousto and G. Lovelace and H. LÃ¼ck and D. Lumaca and A. P. Lundgren and Y. Ma and R. Macas and S. Macfoy and M. MacInnis and D. M. Macleod and I. A. O. MacMillan and A. Macquet and I. Maga{\~{n}}a Hernandez and F. Maga{\~{n}}a-Sandoval and R. M. Magee and E. Majorana and I. Maksimovic and A. Malik and N. Man and V. Mandic and V. Mangano and G. L. Mansell and M. Manske and M. Mantovani and M. Mapelli and F. Marchesoni and F. Marion and S. M{\'{a}}rka and Z. M{\'{a}}rka and C. Markakis and A. S. Markosyan and A. Markowitz and E. Maros and A. Marquina and S. Marsat and F. Martelli and I. W. Martin and R. M. Martin and V. Martinez and D. V. Martynov and H. Masalehdan and K. Mason and E. Massera and A. Masserot and T. J. Massinger and M. Masso-Reid and S. Mastrogiovanni and A. Matas and F. Matichard and N. Mavalvala and E. Maynard and J. J. McCann and R. McCarthy and D. E. McClelland and S. McCormick and L. McCuller and S. C. McGuire and C. McIsaac and J. McIver and D. J. McManus and T. McRae and S. T. McWilliams and D. Meacher and G. D. Meadors and M. Mehmet and A. K. Mehta and E. Mejuto Villa and A. Melatos and G. Mendell and R. A. Mercer and L. Mereni and K. Merfeld and E. L. Merilh and J. D. Merritt and M. Merzougui and S. Meshkov and C. Messenger and C. Messick and R. Metzdorff and P. M. Meyers and F. Meylahn and A. Mhaske and A. Miani and H. Miao and I. Michaloliakos and C. Michel and H. Middleton and L. Milano and A. L. Miller and M. Millhouse and J. C. Mills and E. Milotti and M. C. Milovich-Goff and O. Minazzoli and Y. Minenkov and A. Mishkin and C. Mishra and T. Mistry and S. Mitra and V. P. Mitrofanov and G. Mitselmakher and R. Mittleman and G. Mo and K. Mogushi and S. R. P. Mohapatra and S. R. Mohite and M. Molina-Ruiz and M. Mondin and M. Montani and C. J. Moore and D. Moraru and F. Morawski and G. Moreno and S. Morisaki and B. Mours and C. M. Mow-Lowry and S. Mozzon and F. Muciaccia and Arunava Mukherjee and D. Mukherjee and S. Mukherjee and Subroto Mukherjee and N. Mukund and A. Mullavey and J. Munch and E. A. Mu{\~{n}}iz and P. G. Murray and A. Nagar and I. Nardecchia and L. Naticchioni and R. K. Nayak and B. F. Neil and J. Neilson and G. Nelemans and T. J. N. Nelson and M. Nery and A. Neunzert and K. Y. Ng and S. Ng and C. Nguyen and P. Nguyen and D. Nichols and S. A. Nichols and S. Nissanke and F. Nocera and M. Noh and C. North and D. Nothard and L. K. Nuttall and J. Oberling and B. D. O'Brien and G. Oganesyan and G. H. Ogin and J. J. Oh and S. H. Oh and F. Ohme and H. Ohta and M. A. Okada and M. Oliver and C. Olivetto and P. Oppermann and Richard J. Oram and B. O'Reilly and R. G. Ormiston and L. F. Ortega and R. O'Shaughnessy and S. Ossokine and C. Osthelder and D. J. Ottaway and H. Overmier and B. J. Owen and A. E. Pace and G. Pagano and M. A. Page and G. Pagliaroli and A. Pai and S. A. Pai and J. R. Palamos and O. Palashov and C. Palomba and H. Pan and P. K. Panda and P. T. H. Pang and C. Pankow and F. Pannarale and B. C. Pant and F. Paoletti and A. Paoli and A. Parida and W. Parker and D. Pascucci and A. Pasqualetti and R. Passaquieti and D. Passuello and B. Patricelli and E. Payne and B. L. Pearlstone and T. C. Pechsiri and A. J. Pedersen and M. Pedraza and A. Pele and S. Penn and A. Perego and C. J. Perez and C. P{\'{e}}rigois and A. Perreca and S. Perri{\`{e}}s and J. Petermann and H. P. Pfeiffer and M. Phelps and K. S. Phukon and O. J. Piccinni and M. Pichot and M. Piendibene and F. Piergiovanni and V. Pierro and G. Pillant and L. Pinard and I. M. Pinto and K. Piotrzkowski and M. Pirello and M. Pitkin and W. Plastino and R. Poggiani and D. Y. T. Pong and S. Ponrathnam and P. Popolizio and E. K. Porter and J. Powell and A. K. Prajapati and K. Prasai and R. Prasanna and G. Pratten and T. Prestegard and M. Principe and G. A. Prodi and L. Prokhorov and M. Punturo and P. Puppo and M. PÃ¼rrer and H. Qi and V. Quetschke and P. J. Quinonez and F. J. Raab and G. Raaijmakers and H. Radkins and N. Radulesco and P. Raffai and H. Rafferty and S. Raja and C. Rajan and B. Rajbhandari and M. Rakhmanov and K. E. Ramirez and A. Ramos-Buades and Javed Rana and K. Rao and P. Rapagnani and V. Raymond and M. Razzano and J. Read and T. Regimbau and L. Rei and S. Reid and D. H. Reitze and P. Rettegno and F. Ricci and C. J. Richardson and J. W. Richardson and P. M. Ricker and G. Riemenschneider and K. Riles and M. Rizzo and N. A. Robertson and F. Robinet and A. Rocchi and R. D. Rodriguez-Soto and L. Rolland and J. G. Rollins and V. J. Roma and M. Romanelli and R. Romano and C. L. Romel and I. M. Romero-Shaw and J. H. Romie and C. A. Rose and D. Rose and K. Rose and D. Rosi{\'{n}}ska and S. G. Rosofsky and M. P. Ross and S. Rowan and S. J. Rowlinson and P. K. Roy and Santosh Roy and Soumen Roy and P. Ruggi and G. Rutins and K. Ryan and S. Sachdev and T. Sadecki and M. Sakellariadou and O. S. Salafia and L. Salconi and M. Saleem and F. Salemi and A. Samajdar and E. J. Sanchez and L. E. Sanchez and N. Sanchis-Gual and J. R. Sanders and K. A. Santiago and E. Santos and N. Sarin and B. Sassolas and B. S. Sathyaprakash and O. Sauter and R. L. Savage and V. Savant and D. Sawant and S. Sayah and D. Schaetzl and P. Schale and M. Scheel and J. Scheuer and P. Schmidt and R. Schnabel and R. M. S. Schofield and A. SchÃ¶nbeck and E. Schreiber and B. W. Schulte and B. F. Schutz and O. Schwarm and E. Schwartz and J. Scott and S. M. Scott and E. Seidel and D. Sellers and A. S. Sengupta and N. Sennett and D. Sentenac and V. Sequino and A. Sergeev and Y. Setyawati and D. A. Shaddock and T. Shaffer and M. S. Shahriar and A. Sharma and P. Sharma and P. Shawhan and H. Shen and M. Shikauchi and R. Shink and D. H. Shoemaker and D. M. Shoemaker and K. Shukla and S. ShyamSundar and K. Siellez and M. Sieniawska and D. Sigg and L. P. Singer and D. Singh and N. Singh and A. Singha and A. Singhal and A. M. Sintes and V. Sipala and V. Skliris and B. J. J. Slagmolen and T. J. Slaven-Blair and J. Smetana and J. R. Smith and R. J. E. Smith and S. Somala and E. J. Son and S. Soni and B. Sorazu and V. Sordini and F. Sorrentino and T. Souradeep and E. Sowell and A. P. Spencer and M. Spera and A. K. Srivastava and V. Srivastava and K. Staats and C. Stachie and M. Standke and D. A. Steer and J. Steinhoff and M. Steinke and J. Steinlechner and S. Steinlechner and D. Steinmeyer and S. Stevenson and D. Stocks and D. J. Stops and M. Stover and K. A. Strain and G. Stratta and A. Strunk and R. Sturani and A. L. Stuver and S. Sudhagar and V. Sudhir and T. Z. Summerscales and L. Sun and S. Sunil and A. Sur and J. Suresh and P. J. Sutton and B. L. Swinkels and M. J. Szczepa{\'{n}}czyk and M. Tacca and S. C. Tait and C. Talbot and A. J. Tanasijczuk and D. B. Tanner and D. Tao and M. T{\'{a}}pai and A. Tapia and E. N. Tapia San Martin and J. D. Tasson and R. Taylor and R. Tenorio and L. Terkowski and M. P. Thirugnanasambandam and M. Thomas and P. Thomas and J. E. Thompson and S. R. Thondapu and K. A. Thorne and E. Thrane and C. L. Tinsman and T. R. Saravanan and Shubhanshu Tiwari and S. Tiwari and V. Tiwari and K. Toland and M. Tonelli and Z. Tornasi and A. Torres-Forn{\'{e}} and C. I. Torrie and I. Tosta e Melo and D. TÃ¶yrÃ¤ and E. A. Trail and F. Travasso and G. Traylor and M. C. Tringali and A. Tripathee and A. Trovato and R. J. Trudeau and K. W. Tsang and M. Tse and R. Tso and L. Tsukada and D. Tsuna and T. Tsutsui and M. Turconi and A. S. Ubhi and K. Ueno and D. Ugolini and C. S. Unnikrishnan and A. L. Urban and S. A. Usman and A. C. Utina and H. Vahlbruch and G. Vajente and G. Valdes and M. Valentini and N. van Bakel and M. van Beuzekom and J. F. J. van den Brand and C. Van Den Broeck and D. C. Vander-Hyde and L. van der Schaaf and J. V. Van Heijningen and A. A. van Veggel and M. Vardaro and V. Varma and S. Vass and M. Vas{\'{u}}th and A. Vecchio and G. Vedovato and J. Veitch and P. J. Veitch and K. Venkateswara and G. Venugopalan and D. Verkindt and D. Veske and F. Vetrano and A. Vicer{\'{e}} and A. D. Viets and S. Vinciguerra and D. J. Vine and J.-Y. Vinet and S. Vitale and Francisco Hernandez Vivanco and T. Vo and H. Vocca and C. Vorvick and S. P. Vyatchanin and A. R. Wade and L. E. Wade and M. Wade and R. Walet and M. Walker and G. S. Wallace and L. Wallace and S. Walsh and J. Z. Wang and S. Wang and W. H. Wang and R. L. Ward and Z. A. Warden and J. Warner and M. Was and J. Watchi and B. Weaver and L.-W. Wei and M. Weinert and A. J. Weinstein and R. Weiss and F. Wellmann and L. Wen and P. We{\ss}els and J. W. Westhouse and K. Wette and J. T. Whelan and B. F. Whiting and C. Whittle and D. M. Wilken and D. Williams and J. L. Willis and B. Willke and W. Winkler and C. C. Wipf and H. Wittel and G. Woan and J. Woehler and J. K. Wofford and C. Wong and J. L. Wright and D. S. Wu and D. M. Wysocki and L. Xiao and H. Yamamoto and L. Yang and Y. Yang and Z. Yang and M. J. Yap and M. Yazback and D. W. Yeeles and Hang Yu and Haocun Yu and S. H. R. Yuen and A. K. Zadro{\.{z}}ny and A. Zadro{\.{z}}ny and M. Zanolin and T. Zelenova and J.-P. Zendri and M. Zevin and J. Zhang and L. Zhang and T. Zhang and C. Zhao and G. Zhao and M. Zhou and Z. Zhou and X. J. Zhu and A. B. Zimmerman and M. E. Zucker and J. Zweizig and},
	title = {{GW}190814: Gravitational Waves from the Coalescence of a 23 Solar Mass Black Hole with a 2.6 Solar Mass Compact Object},
	journal = {The Astrophysical Journal},
}

@article{salemi2019search,
	title={Search for intermediate mass black hole binaries in the first and second observing runs of the Advanced LIGO and Virgo network},
	author={Salemi, F and Papa, MA and LIGO Scientific Collaboration and Virgo Collaboration and others},
	journal={arXiv preprint arXiv:1906.08000},
	year={2019},
	url={https://arxiv.org/pdf/1906.08000.pdf}
}



@ARTICLE{m87photo,
	author = {{Event Horizon Telescope Collaboration} and {Akiyama}, Kazunori and
	{Alberdi}, Antxon and {Alef}, Walter and {Asada}, Keiichi and
	{Azulay}, Rebecca and {Baczko}, Anne-Kathrin and {Ball}, David and
	{Balokovi{\'c}}, Mislav and {Barrett}, John and {Bintley}, Dan and
	{Blackburn}, Lindy and {Boland}, Wilfred and {Bouman}, Katherine L. and
	{Bower}, Geoffrey C. and {Bremer}, Michael and
	{Brinkerink}, Christiaan D. and {Brissenden}, Roger and
	{Britzen}, Silke and {Broderick}, Avery E. and {Broguiere}, Dominique and
	{Bronzwaer}, Thomas and {Byun}, Do-Young and {Carlstrom}, John E. and
	{Chael}, Andrew and {Chan}, Chi-kwan and {Chatterjee}, Shami and
	{Chatterjee}, Koushik and {Chen}, Ming-Tang and {Chen}, Yongjun and
	{Cho}, Ilje and {Christian}, Pierre and {Conway}, John E. and
	{Cordes}, James M. and {Crew}, Geoffrey B. and {Cui}, Yuzhu and
	{Davelaar}, Jordy and {De Laurentis}, Mariafelicia and {Deane}, Roger and
	{Dempsey}, Jessica and {Desvignes}, Gregory and {Dexter}, Jason and
	{Doeleman}, Sheperd S. and {Eatough}, Ralph P. and {Falcke}, Heino and
	{Fish}, Vincent L. and {Fomalont}, Ed and {Fraga-Encinas}, Raquel and
	{Freeman}, William T. and {Friberg}, Per and {Fromm}, Christian M. and
	{G{\'o}mez}, Jos{\'e} L. and {Galison}, Peter and {Gammie}, Charles F. and
	{Garc{\'\i}a}, Roberto and {Gentaz}, Olivier and {Georgiev}, Boris and
	{Goddi}, Ciriaco and {Gold}, Roman and {Gu}, Minfeng and
	{Gurwell}, Mark and {Hada}, Kazuhiro and {Hecht}, Michael H. and
	{Hesper}, Ronald and {Ho}, Luis C. and {Ho}, Paul and {Honma}, Mareki and
	{Huang}, Chih-Wei L. and {Huang}, Lei and {Hughes}, David H. and
	{Ikeda}, Shiro and {Inoue}, Makoto and {Issaoun}, Sara and
	{James}, David J. and {Jannuzi}, Buell T. and {Janssen}, Michael and
	{Jeter}, Britton and {Jiang}, Wu and {Johnson}, Michael D. and
	{Jorstad}, Svetlana and {Jung}, Taehyun and {Karami}, Mansour and
	{Karuppusamy}, Ramesh and {Kawashima}, Tomohisa and
	{Keating}, Garrett K. and {Kettenis}, Mark and {Kim}, Jae-Young and
	{Kim}, Junhan and {Kim}, Jongsoo and {Kino}, Motoki and {Koay}, Jun Yi and
	{Koch}, Patrick M. and {Koyama}, Shoko and {Kramer}, Michael and
	{Kramer}, Carsten and {Krichbaum}, Thomas P. and {Kuo}, Cheng-Yu and
	{Lauer}, Tod R. and {Lee}, Sang-Sung and {Li}, Yan-Rong and
	{Li}, Zhiyuan and {Lindqvist}, Michael and {Liu}, Kuo and
	{Liuzzo}, Elisabetta and {Lo}, Wen-Ping and {Lobanov}, Andrei P. and
	{Loinard}, Laurent and {Lonsdale}, Colin and {Lu}, Ru-Sen and
	{MacDonald}, Nicholas R. and {Mao}, Jirong and {Markoff}, Sera and
	{Marrone}, Daniel P. and {Marscher}, Alan P. and
	{Mart{\'\i}-Vidal}, Iv{\'a}n and {Matsushita}, Satoki and
	{Matthews}, Lynn D. and {Medeiros}, Lia and {Menten}, Karl M. and
	{Mizuno}, Yosuke and {Mizuno}, Izumi and {Moran}, James M. and
	{Moriyama}, Kotaro and {Moscibrodzka}, Monika and
	{M{\"u}ller}, Cornelia and {Nagai}, Hiroshi and {Nagar}, Neil M. and
	{Nakamura}, Masanori and {Narayan}, Ramesh and {Narayanan}, Gopal and
	{Natarajan}, Iniyan and {Neri}, Roberto and {Ni}, Chunchong and
	{Noutsos}, Aristeidis and {Okino}, Hiroki and {Olivares}, H{\'e}ctor and
	{Oyama}, Tomoaki and {{\"O}zel}, Feryal and {Palumbo}, Daniel C.~M. and
	{Patel}, Nimesh and {Pen}, Ue-Li and {Pesce}, Dominic W. and
	{Pi{\'e}tu}, Vincent and {Plambeck}, Richard and {PopStefanija}, Aleksand
	ar and {Porth}, Oliver and {Prather}, Ben and
	{Preciado-L{\'o}pez}, Jorge A. and {Psaltis}, Dimitrios and
	{Pu}, Hung-Yi and {Ramakrishnan}, Venkatessh and {Rao}, Ramprasad and
	{Rawlings}, Mark G. and {Raymond}, Alexander W. and
	{Rezzolla}, Luciano and {Ripperda}, Bart and {Roelofs}, Freek and
	{Rogers}, Alan and {Ros}, Eduardo and {Rose}, Mel and
	{Roshanineshat}, Arash and {Rottmann}, Helge and {Roy}, Alan L. and
	{Ruszczyk}, Chet and {Ryan}, Benjamin R. and {Rygl}, Kazi L.~J. and
	{S{\'a}nchez}, Salvador and {S{\'a}nchez-Arguelles}, David and
	{Sasada}, Mahito and {Savolainen}, Tuomas and {Schloerb}, F. Peter and
	{Schuster}, Karl-Friedrich and {Shao}, Lijing and {Shen}, Zhiqiang and
	{Small}, Des and {Sohn}, Bong Won and {SooHoo}, Jason and
	{Tazaki}, Fumie and {Tiede}, Paul and {Tilanus}, Remo P.~J. and
	{Titus}, Michael and {Toma}, Kenji and {Torne}, Pablo and
	{Trent}, Tyler and {Trippe}, Sascha and {Tsuda}, Shuichiro and
	{van Bemmel}, Ilse and {van Langevelde}, Huib Jan and
	{van Rossum}, Daniel R. and {Wagner}, Jan and {Wardle}, John and
	{Weintroub}, Jonathan and {Wex}, Norbert and {Wharton}, Robert and
	{Wielgus}, Maciek and {Wong}, George N. and {Wu}, Qingwen and
	{Young}, Andr{\'e} and {Young}, Ken and {Younsi}, Ziri and
	{Yuan}, Feng and {Yuan}, Ye-Fei and {Zensus}, J. Anton and
	{Zhao}, Guangyao and {Zhao}, Shan-Shan and {Zhu}, Ziyan and
	{Farah}, Joseph R. and {Meyer-Zhao}, Zheng and {Michalik}, Daniel and
	{Nadolski}, Andrew and {Nishioka}, Hiroaki and {Pradel}, Nicolas and
	{Primiani}, Rurik A. and {Souccar}, Kamal and {Vertatschitsch}, Laura and
	{Yamaguchi}, Paul},
	title = "{First M87 Event Horizon Telescope Results. IV. Imaging the Central Supermassive Black Hole}",
	journal = {\apjl},
	keywords = {black hole physics, galaxies: individual: M87, galaxies: jets, techniques: high angular resolution, techniques: image processing, techniques: interferometric, Astrophysics - Astrophysics of Galaxies, Astrophysics - Instrumentation and Methods for Astrophysics, General Relativity and Quantum Cosmology},
	year = 2019,
	month = apr,
	volume = {875},
	number = {1},
	eid = {L4},
	pages = {L4},
	doi = {10.3847/2041-8213/ab0e85},
	archivePrefix = {arXiv},
	eprint = {1906.11241},
	primaryClass = {astro-ph.GA},
	adsurl = {https://ui.adsabs.harvard.edu/abs/2019ApJ...875L...4E},
	adsnote = {Provided by the SAO/NASA Astrophysics Data System}
}



@webpage{BHmassChartNasa,
	Date-Added = {2019-08-08 03:41:43 +0000},
	Date-Modified = {2019-08-08 03:42:53 +0000},
	Keywords = {Image},
	author={Greicius, Tony},
	year={2017},
	Url = {https://www.nasa.gov/jpl/nustar/pia18842}}

@webpage{IMBHinAGN,
	Date-Added = {2019-08-08 03:34:51 +0000},
	Date-Modified = {2019-08-08 03:43:10 +0000},
	Keywords = {Image},
	Url = {https://scitechdaily.com/astronomers-discover-intermediate-mass-black-holes-in-galactic-nuclei/}}

@article{illyaIMBHbinarySimulation,
	Author = {Haster, Carl-Johan and Antonini, Fabio and Kalogera, Vicky and Mandel, Ilya},
	Date-Modified = {2019-08-08 03:44:50 +0000},
	Journal = {The Astrophysical Journal},
	Keywords = {IMBH},
	Number = {2},
	Pages = {192},
	Publisher = {IOP Publishing},
	Title = {N-Body Dynamics of Intermediate Mass-ratio Inspirals in Star Clusters},
	Volume = {832},
	Year = {2016}}

@article{2018IMBHreview,
	Author = {Koliopanos, Filippos},
	Date-Modified = {2019-08-08 03:44:43 +0000},
	Journal = {arXiv preprint arXiv:1801.01095},
	Keywords = {IMBH},
	Title = {Intermediate mass black holes: A brief review},
	Year = {2018}}





@article{haster2016inference,
	title={Inference on gravitational waves from coalescences of stellar-mass compact objects and intermediate-mass black holes},
	author={Haster, Carl-Johan and Wang, Zhilu and Berry, Christopher PL and Stevenson, Simon and Veitch, John and Mandel, Ilya},
	journal={Monthly Notices of the Royal Astronomical Society},
	volume={457},
	number={4},
	pages={4499--4506},
	year={2016},
	publisher={The Royal Astronomical Society}
}

@article{bcr_paper,
	title={Enhancing confidence in the detection of gravitational waves from compact binaries using signal coherence},
	author={Isi, Maximiliano and Smith, Rory and Vitale, Salvatore and Massinger, TJ and Kanner, Jonah and Vajpeyi, Avi},
	journal={Physical Review D},
	volume={98},
	number={4},
	pages={042007},
	year={2018},
	publisher={APS},
	url={https://arxiv.org/abs/1803.09783}
}

@article{sagA,
	title={SINFONI in the galactic center: young stars and infrared flares in the central light-month},
	author={Eisenhauer, Frank and Genzel, R and Alexander, T and Abuter, R and Paumard, T and Ott, T and Gilbert, A and Gillessen, S and Horrobin, M and Trippe, S and others},
	journal={The Astrophysical Journal},
	volume={628},
	number={1},
	pages={246},
	year={2005},
	publisher={IOP Publishing}
}

@article{47TucHostIMBH,
	title={An intermediate-mass black hole in the centre of the globular cluster 47 Tucanae},
	author={K{\i}z{\i}ltan, B{\"u}lent and Baumgardt, Holger and Loeb, Abraham},
	journal={Nature},
	volume={542},
	number={7640},
	pages={203},
	year={2017},
	publisher={Nature Publishing Group}
}

@article{hlx1,
	title={Radio detections during two state transitions of the intermediate-mass black hole HLX-1},
	author={Webb, Natalie and Cseh, David and Lenc, Emil and Godet, Olivier and Barret, Didier and Corbel, Stephane and Farrell, Sean and Fender, Robert and Gehrels, Neil and Heywood, Ian},
	journal={Science},
	volume={337},
	number={6094},
	pages={554--556},
	year={2012},
	publisher={American Association for the Advancement of Science}
}


@article{IMBHinLLAGN,
	title={A Population of Bona Fide Intermediate-mass Black Holes Identified as Low-luminosity Active Galactic Nuclei},
	author={Chilingarian, Igor V and Katkov, Ivan Yu and Zolotukhin, Ivan Yu and Grishin, Kirill A and Beletsky, Yuri and Boutsia, Konstantina and Osip, David J},
	journal={The Astrophysical Journal},
	volume={863},
	number={1},
	pages={1},
	year={2018},
	publisher={IOP Publishing}
}

@article{ncg4395,
	title={Measuring the mass of the central black hole in the bulgeless galaxy NGC 4395 from gas dynamical modeling},
	author={Den Brok, Mark and Seth, Anil C and Barth, Aaron J and Carson, Daniel J and Neumayer, Nadine and Cappellari, Michele and Debattista, Victor P and Ho, Luis C and Hood, Carol E and McDermid, Richard M},
	journal={The Astrophysical Journal},
	volume={809},
	number={1},
	pages={101},
	year={2015},
	publisher={IOP Publishing}
}

@article{kim2011galaxy,
	title={Galaxy formation with self-consistently modeled stars and massive black holes. I. Feedback-regulated star formation and black hole growth},
	author={Kim, Ji-hoon and Wise, John H and Alvarez, Marcelo A and Abel, Tom},
	journal={The Astrophysical Journal},
	volume={738},
	number={1},
	pages={54},
	year={2011},
	publisher={IOP Publishing}
}

@article{SMBHformationDirectCollapse,
	title={Supermassive black hole formation during the assembly of pre-galactic discs},
	author={Lodato, Giuseppe and Natarajan, Priyamvada},
	journal={Monthly Notices of the Royal Astronomical Society},
	volume={371},
	number={4},
	pages={1813--1823},
	year={2006},
	publisher={Blackwell Publishing Ltd Oxford, UK}
}

@article{DirectGasCollapse,
	title={Massive black hole seeds born via direct gas collapse in galaxy mergers: their properties, statistics and environment},
	author={Bonoli, Silvia and Mayer, Lucio and Callegari, Simone},
	journal={Monthly Notices of the Royal Astronomical Society},
	volume={437},
	number={2},
	pages={1576--1592},
	year={2013},
	publisher={Oxford University Press}
}

@article{IMBHaccretionToSMBH,
	title={Feedback-regulated supermassive black hole seed formation},
	author={Dijkstra, Mark and Ferrara, Andrea and Mesinger, Andrei},
	journal={Monthly Notices of the Royal Astronomical Society},
	volume={442},
	number={3},
	pages={2036--2047},
	year={2014},
	publisher={Oxford University Press}
}


@article{GWimbhProspects,
	title={Prospects for detection of gravitational waves from intermediate-mass-ratio inspirals},
	author={Brown, Duncan A and Brink, Jeandrew and Fang, Hua and Gair, Jonathan R and Li, Chao and Lovelace, Geoffrey and Mandel, Ilya and Thorne, Kip S},
	journal={Physical Review Letters},
	volume={99},
	number={20},
	pages={201102},
	year={2007},
	publisher={APS}
}

@article{IMBHcauseTidalDisruption,
	title={The secular tidal disruption of stars by low-mass Supermassive Black Holes secondaries in galactic nuclei},
	author={Fragione, Giacomo and Leigh, Nathan},
	journal={Monthly Notices of the Royal Astronomical Society},
	volume={479},
	number={3},
	pages={3181--3188},
	year={2018},
	publisher={Oxford University Press}
}

@article{IMBHcauseTidalDisruption2,
	title={Optical flares from the tidal disruption of stars by massive black holes},
	author={Strubbe, Linda E and Quataert, Eliot},
	journal={Monthly Notices of the Royal Astronomical Society},
	volume={400},
	number={4},
	pages={2070--2084},
	year={2009},
	publisher={Blackwell Publishing Ltd Oxford, UK}
}

@article{miller2012absence,
	title={The absence of radio emission from the globular cluster G1},
	author={Miller-Jones, JCA and Wrobel, JM and Sivakoff, GR and Heinke, CO and Miller, RE and Plotkin, RM and Di Stefano, R and Greene, Jenny E and Ho, LC and Joseph, TD and others},
	journal={The Astrophysical Journal Letters},
	volume={755},
	number={1},
	pages={L1},
	year={2012},
	publisher={IOP Publishing}
}

@article{shinkai2017gravitational,
	title={Gravitational waves from merging intermediate-mass black holes. II. event rates at ground-based detectors},
	author={Shinkai, Hisa-aki and Kanda, Nobuyuki and Ebisuzaki, Toshikazu},
	journal={The Astrophysical Journal},
	volume={835},
	number={2},
	pages={276},
	year={2017},
	publisher={IOP Publishing},
	Url = {https://iopscience.iop.org/article/10.3847/1538-4357/835/2/276/meta},
}

@article{rodriguez2015bbhRatePredictions,
	title={Binary black hole mergers from globular clusters: implications for Advanced LIGO},
	author={Rodriguez, Carl L and Morscher, Meagan and Pattabiraman, Bharath and Chatterjee, Sourav and Haster, Carl-Johan and Rasio, Frederic A},
	journal={Physical Review Letters},
	volume={115},
	number={5},
	pages={051101},
	year={2015},
	publisher={APS},
	Keywords = {rates},
	Url = {https://journals.aps.org/prl/pdf/10.1103/PhysRevLett.115.051101}
}

@article{abadie2010ratePredictions,
	title={Predictions for the rates of compact binary coalescences observable by ground-based gravitational-wave detectors},
	author={Abadie, Jea and Abbott, BP and Abbott, R and Abernathy, M and Accadia, T and Acernese, F and Adams, C and Adhikari, R and Ajith, P and Allen, B and others},
	journal={Classical and Quantum Gravity},
	volume={27},
	number={17},
	pages={173001},
	year={2010},
	Keywords = {rates},
	publisher={IOP Publishing},
	Url = {https://arxiv.org/pdf/1003.2480.pdf}
}


@article{mandel2008rates,
	title={Rates and characteristics of intermediate mass ratio inspirals detectable by advanced LIGO},
	author={Mandel, Ilya and Brown, Duncan A and Gair, Jonathan R and Miller, M Coleman},
	journal={The Astrophysical Journal},
	volume={681},
	number={2},
	pages={1431},
	year={2008},
	publisher={IOP Publishing},
	Keywords ={rates},
	url = {http://www.chgk.info/~ilyamandel/papers/mbgm2008.pdf},
}


@article{imbhFromCollidingGlobularCluster,
	title={Intermediate-mass black holes in colliding clusters: implications for lower frequency gravitational-wave astronomy},
	author={Amaro-Seoane, Pau and Freitag, Marc},
	journal={The Astrophysical Journal Letters},
	volume={653},
	number={1},
	pages={L53},
	year={2006},
	publisher={IOP Publishing},
	Url = {https://iopscience.iop.org/article/10.1086/510405/meta}
}


@article{fregeau2006imbhbRatePrediction,
	title={Observing IMBH-IMBH binary coalescences via gravitational radiation},
	author={Fregeau, John M and Larson, Shane L and Miller, M Coleman and Oâ€™Shaughnessy, Richard and Rasio, Frederic A},
	journal={The Astrophysical Journal Letters},
	volume={646},
	number={2},
	pages={L135},
	year={2006},
	publisher={IOP Publishing},
	Keywords = {rates},
	Url={https://iopscience.iop.org/article/10.1086/507106/pdf}
}



%%% Really good review articles
@article{woods2019titans,
	title={Titans of the early Universe: The Prato statement on the origin of the first supermassive black holes},
	author={Woods, Tyrone E and Agarwal, Bhaskar and Bromm, Volker and Bunker, Andrew and Chen, Ke-Jung and Chon, Sunmyon and Ferrara, Andrea and Glover, Simon CO and Haemmerl{\'e}, Lionel and Haiman, Zolt{\'a}n and others},
	journal={Publications of the Astronomical Society of Australia},
	volume={36},
	year={2019},
	publisher={Cambridge University Press}
}



@article{coleman2004intermediate,
	title={Intermediate-mass black holes},
	author={Coleman Miller, M and Colbert, Edward JM},
	journal={International Journal of Modern Physics D},
	volume={13},
	number={01},
	pages={1--64},
	year={2004},
	publisher={World Scientific}
}


@article{mezcua2017observational,
	title={Observational evidence for intermediate-mass black holes},
	author={Mezcua, Mar},
	journal={International Journal of Modern Physics D},
	volume={26},
	number={11},
	pages={1730021},
	year={2017},
	publisher={World Scientific},
	Url = {https://arxiv.org/abs/1705.09667}}


@article{imbhbSearch2014,
	title={Search for gravitational radiation from intermediate mass black hole binaries in data from the second LIGO-Virgo joint science run},
	author={Aasi, J and Abbott, BP and Abbott, R and Abbott, T and Abernathy, MR and Accadia, T and Acernese, F and Ackley, K and Adams, C and Adams, T and others},
	journal={Physical Review D},
	volume={89},
	number={12},
	pages={122003},
	year={2014},
	publisher={APS},
	Url = {https://arxiv.org/abs/1404.2199}
}


@inproceedings{miller2003formation,
	title={Formation Scenarios for Intermediate-Mass Black Holes},
	author={Miller, M Coleman},
	booktitle={AIP Conference Proceedings},
	volume={686},
	number={1},
	pages={125--134},
	year={2003},
	organization={AIP},
	url = {https://aip.scitation.org/doi/abs/10.1063/1.1629424}
}



@article{van2004intermediate,
	title={Intermediate-mass black holes in the Universe: a review of formation theories and observational constraints},
	author={Van Der Marel, Roeland P},
	journal={Coevolution of Black Holes and Galaxies},
	pages={37},
	year={2004},
	publisher={Cambridge University Press London, UK},
	Url = {https://arxiv.org/abs/astro-ph/0302101}
}


@article{vanbeveren2009stellar,
	title={Stellar dynamics in young clusters: the formation of massive runaways and very massive runaway mergers},
	author={Vanbeveren, Dany and Belkus, Houria and Van Bever, Joris and Mennekens, Nicki},
	journal={Astrophysics and Space Science},
	volume={324},
	number={2-4},
	pages={271--276},
	year={2009},
	publisher={Springer},
	url = {https://arxiv.org/pdf/0712.3343.pdf}
}


@article{pop3IMBH,
	title={On the likelihood of detecting gravitational waves from Population III compact object binaries},
	author={Belczynski, Krzysztof and Ryu, Taeho and Perna, Rosalba and Berti, Emanuele and Tanaka, Takamitsu L and Bulik, Tomasz},
	journal={Monthly Notices of the Royal Astronomical Society},
	volume={471},
	number={4},
	pages={4702--4721},
	year={2017},
	publisher={Oxford University Press},
	url ={https://arxiv.org/pdf/1612.01524.pdf}
}

@article{bromm2013formation,
	title={Formation of the first stars},
	author={Bromm, Volker},
	journal={Reports on Progress in Physics},
	volume={76},
	number={11},
	pages={112901},
	year={2013},
	publisher={IOP Publishing}
}

@article{heger2003massive,
	title={How massive single stars end their life},
	author={Heger, Alexander and Fryer, CL and Woosley, SE and Langer, N and Hartmann, Dieter H},
	journal={The Astrophysical Journal},
	volume={591},
	number={1},
	pages={288},
	year={2003},
	publisher={IOP Publishing}
}

@article{coleman2002production,
	title={Production of intermediate-mass black holes in globular clusters},
	author={Coleman Miller, M and Hamilton, Douglas P},
	journal={Monthly Notices of the Royal Astronomical Society},
	volume={330},
	number={1},
	pages={232--240},
	year={2002},
	publisher={The Royal Astronomical Society}
}

@article{abbott2016observation,
	title={Observation of gravitational waves from a binary black hole merger},
	author={Abbott, Benjamin P and Abbott, Richard and Abbott, TD and Abernathy, MR and Acernese, Fausto and Ackley, Kendall and Adams, Carl and Adams, Thomas and Addesso, Paolo and Adhikari, RX and others},
	journal={Physical review letters},
	volume={116},
	number={6},
	pages={061102},
	year={2016},
	publisher={APS}
}

@article{morscher2013retention,
	title={Retention of Stellar-mass Black Holes in globular clusters},
	author={Morscher, Meagan and Umbreit, Stefan and Farr, Will M and Rasio, Frederic A},
	journal={The Astrophysical Journal Letters},
	volume={763},
	number={1},
	pages={L15},
	year={2013},
	publisher={IOP Publishing}
}


@article{lodato2006supermassive,
	title={Supermassive black hole formation during the assembly of pre-galactic discs},
	author={Lodato, Giuseppe and Natarajan, Priyamvada},
	journal={Monthly Notices of the Royal Astronomical Society},
	volume={371},
	number={4},
	pages={1813--1823},
	year={2006},
	publisher={Blackwell Publishing Ltd Oxford, UK}
}

@article{abbott2016observing,
	title={Observing gravitational-wave transient GW150914 with minimal assumptions},
	author={Abbott, Benjamin P and Abbott, R and Abbott, TD and Abernathy, MR and Acernese, F and Ackley, K and Adams, C and Adams, T and Addesso, P and Adhikari, RX and others},
	journal={Physical Review D},
	volume={93},
	number={12},
	pages={122004},
	year={2016},
	publisher={APS},
	url = {https://arxiv.org/abs/1602.03843}
}


@article{abbott2016ligo,
	title={LIGO Scientific Collaboration and Virgo Collaboration (2016) GW150914: first results from the search for binary black hole coalescence with Advanced LIGO. Physical Review D, 93 (12). ISSN 1550-2368},
	author={Abbott, BP and Jawahar, S and Lockerbie, NA and Tokmakov, KV},
	journal={PHYSICAL REVIEW D Phys Rev D},
	volume={93},
	pages={122003},
	year={2016},
	publisher={American Physical Society},
	url={https://arxiv.org/pdf/1602.03839.pdf}
}

@article{abbott2018prospects,
	title={Prospects for observing and localizing gravitational-wave transients with Advanced LIGO, Advanced Virgo and KAGRA},
	author={Abbott, Benjamin P and Abbott, R and Abbott, TD and Abernathy, MR and Acernese, F and Ackley, K and Adams, C and Adams, T and Addesso, P and Adhikari, RX and others},
	journal={Living Reviews in Relativity},
	volume={21},
	number={1},
	pages={3},
	year={2018},
	publisher={Springer},
	url={https://link.springer.com/article/10.1007/s41114-018-0012-9}
}


@article{sachdev2019gstlal,
	title={The GstLAL Search Analysis Methods for Compact Binary Mergers in Advanced LIGO's Second and Advanced Virgo's First Observing Runs},
	author={Sachdev, Surabhi and Caudill, Sarah and Fong, Heather and Lo, Rico KL and Messick, Cody and Mukherjee, Debnandini and Magee, Ryan and Tsukada, Leo and Blackburn, Kent and Brady, Patrick and others},
	journal={arXiv preprint arXiv:1901.08580},
	year={2019},
	url={https://arxiv.org/pdf/1901.08580.pdf}
}


@article{biwer2019pycbc,
	title={PyCBC Inference: A Python-based parameter estimation toolkit for compact binary coalescence signals},
	author={Biwer, Christopher Michael and Capano, Collin D and De, Soumi and Cabero, Miriam and Brown, Duncan A and Nitz, Alexander H and Raymond, Vivien},
	journal={Publications of the Astronomical Society of the Pacific},
	volume={131},
	number={996},
	pages={024503},
	year={2019},
	publisher={IOP Publishing},
	url={https://arxiv.org/pdf/1807.10312.pdf}
}

@article{romero2019searching,
	title={Searching for Eccentricity: Signatures of Dynamical Formation in the First Gravitational-Wave Transient Catalogue of LIGO and Virgo},
	author={Romero-Shaw, Isobel M and Lasky, Paul D and Thrane, Eric},
	journal={arXiv preprint arXiv:1909.05466},
	year={2019},
	url={https://arxiv.org/abs/1909.05466}
}

@ARTICLE{blipGlitches,
	author = {{Cabero}, M. and {Lundgren}, A. and {Nitz}, A.~H. and {Dent}, T. and
	{Barker}, D. and {Goetz}, E. and {Kissel}, J.~S. and {Nuttall}, L.~K. and
	{Schale}, P. and {Schofield}, R. and {Davis}, D.},
	title = "{Blip glitches in Advanced LIGO data}",
	journal = {Classical and Quantum Gravity},
	keywords = {Physics - Instrumentation and Detectors},
	year = 2019,
	month = aug,
	volume = {36},
	number = {15},
	eid = {155010},
	pages = {155010},
	doi = {10.1088/1361-6382/ab2e14},
	archivePrefix = {arXiv},
	eprint = {1901.05093},
	primaryClass = {physics.ins-det},
	adsurl = {https://ui.adsabs.harvard.edu/abs/2019CQGra..36o5010C},
	adsnote = {Provided by the SAO/NASA Astrophysics Data System}
}



@article{regan2014direct,
	title={The direct collapse of a massive black hole seed under the influence of an anisotropic Lyman-Werner source},
	author={Regan, John A and Johansson, Peter H and Wise, John H},
	journal={The Astrophysical Journal},
	volume={795},
	number={2},
	pages={137},
	year={2014},
	publisher={IOP Publishing},
	url={https://iopscience.iop.org/article/10.1088/0004-637X/795/2/137/meta}
}


@article{mayer2015direct,
	title={Direct formation of supermassive black holes in metal-enriched gas at the heart of high-redshift galaxy mergers},
	author={Mayer, Lucio and Fiacconi, Davide and Bonoli, Silvia and Quinn, Thomas and Shen, Sijing and Wadsley, James and others},
	journal={The Astrophysical Journal},
	volume={810},
	number={1},
	pages={51},
	year={2015},
	publisher={IOP Publishing},
	url={https://iopscience.iop.org/article/10.1088/0004-637X/810/1/51/meta}
}


@article{khan2016frequency,
	title={Frequency-domain gravitational waves from nonprecessing black-hole binaries. II. A phenomenological model for the advanced detector era},
	author={Khan, Sebastian and Husa, Sascha and Hannam, Mark and Ohme, Frank and P{\"u}rrer, Michael and Forteza, Xisco Jim{\'e}nez and Boh{\'e}, Alejandro},
	journal={Physical Review D},
	volume={93},
	number={4},
	pages={044007},
	year={2016},
	publisher={APS},
	url={https://arxiv.org/abs/1508.07253}
}



@article{koliopanos2018intermediate,
	title={Intermediate mass black holes: A brief review},
	author={Koliopanos, Filippos},
	journal={arXiv preprint arXiv:1801.01095},
	year={2018},
	url={https://arxiv.org/abs/1801.01095}
}

@article{kaaret2017ultraluminous,
	title={Ultraluminous X-ray sources},
	author={Kaaret, Philip and Feng, Hua and Roberts, Timothy P},
	journal={Annual Review of Astronomy and Astrophysics},
	volume={55},
	pages={303--341},
	year={2017},
	publisher={Annual Reviews}
}


@article{moore2014gravitational,
	title={Gravitational-wave sensitivity curves},
	author={Moore, Christopher J and Cole, Robert H and Berry, Christopher PL},
	journal={Classical and Quantum Gravity},
	volume={32},
	number={1},
	pages={015014},
	year={2014},
	publisher={IOP Publishing},
	url={https://arxiv.org/pdf/1408.0740.pdf}
}


@article{abbott2016properties,
	title={Properties of the binary black hole merger GW150914},
	author={Abbott, Benjamin P and Abbott, R and Abbott, TD and Abernathy, MR and Acernese, F and Ackley, K and Adams, C and Adams, T and Addesso, P and Adhikari, RX and others},
	journal={Physical review letters},
	volume={116},
	number={24},
	pages={241102},
	year={2016},
	publisher={APS},
	url={https://journals.aps.org/prl/pdf/10.1103/PhysRevLett.116.241102}
}


@article{abbott2019gwtc,
	title={GWTC-1: A gravitational-wave transient catalog of compact binary mergers observed by LIGO and Virgo during the first and second observing runs},
	author={Abbott, BP and Abbott, R and Abbott, TD and Abraham, S and Acernese, F and Ackley, K and Adams, C and Adhikari, RX and Adya, VB and Affeldt, C and others},
	journal={Physical Review X},
	volume={9},
	number={3},
	pages={031040},
	year={2019},
	publisher={APS},
	url={https://arxiv.org/pdf/1811.12907.pdf}
}





@article{freire2017long,
	title={Long-term observations of the pulsars in 47 Tucanae--II. Proper motions, accelerations and jerks},
	author={Freire, PCC and Ridolfi, A and Kramer, M and Jordan, C and Manchester, RN and Torne, P and Sarkissian, J and Heinke, CO and Dâ€™Amico, N and Camilo, F and others},
	journal={Monthly Notices of the Royal Astronomical Society},
	volume={471},
	number={1},
	pages={857--876},
	year={2017},
	publisher={Oxford University Press},
	url={https://arxiv.org/pdf/1706.04908.pdf}
}

@article{elvis2000structure,
	title={A structure for quasars},
	author={Elvis, Martin},
	journal={The Astrophysical Journal},
	volume={545},
	number={1},
	pages={63},
	year={2000},
	publisher={IOP Publishing}
}


@article{favata2004black,
	title={How black holes get their kicks: Gravitational radiation recoil revisited},
	author={Favata, Marc and Hughes, Scott A and Holz, Daniel E},
	journal={The Astrophysical Journal Letters},
	volume={607},
	number={1},
	pages={L5},
	year={2004},
	publisher={IOP Publishing}
}


@ARTICLE{UdallIMBHsearch,
	author = {{Udall}, Richard and {Jani}, Karan and {Lange}, Jacob and
	{O'Shaughnessy}, Richard and {Clark}, James and {Cadonati}, Laura and
	{Shoemaker}, Deirdre and {Holley-Bockelmann}, Kelly},
	title = "{Inferring parameters of the loudest intermediate mass black hole trigger in LIGO's O1/O2 data}",
	journal = {arXiv e-prints},
	keywords = {General Relativity and Quantum Cosmology, Astrophysics - High Energy Astrophysical Phenomena},
	year = {2019},
	month = {dec},
	eid = {arXiv:1912.10533},
	pages = {arXiv:1912.10533},
	archivePrefix = {arXiv},
	eprint = {1912.10533},
	primaryClass = {gr-qc},
	adsurl = {https://ui.adsabs.harvard.edu/abs/2019arXiv191210533U},
	adsnote = {Provided by the SAO/NASA Astrophysics Data System}
}

@article{IAS0,
	title={New search pipeline for compact binary mergers: Results for binary black holes in the first observing run of Advanced LIGO},
	author={Venumadhav, Tejaswi and Zackay, Barak and Roulet, Javier and Dai, Liang and Zaldarriaga, Matias},
	journal={Physical Review D},
	volume={100},
	number={2},
	pages={023011},
	year={2019},
	publisher={APS}
}


@ARTICLE{IAS1,
	author = {{Venumadhav}, Tejaswi and {Zackay}, Barak and {Roulet}, Javier and {Dai}, Liang and {Zaldarriaga}, Matias},
	title = "{New Binary Black Hole Mergers in the Second Observing Run of Advanced LIGO and Advanced Virgo}",
	journal = {arXiv e-prints},
	keywords = {Astrophysics - High Energy Astrophysical Phenomena, Astrophysics - Cosmology and Nongalactic Astrophysics, Astrophysics - Instrumentation and Methods for Astrophysics, General Relativity and Quantum Cosmology},
	year = {2019},
	month = {apr},
	eid = {arXiv:1904.07214},
	pages = {arXiv:1904.07214},
	archivePrefix = {arXiv},
	eprint = {1904.07214},
	primaryClass = {astro-ph.HE},
	adsurl = {https://ui.adsabs.harvard.edu/abs/2019arXiv190407214V},
	adsnote = {Provided by the SAO/NASA Astrophysics Data System}
}

@ARTICLE{IAS2,
	author = {{Zackay}, Barak and {Dai}, Liang and {Venumadhav}, Tejaswi and {Roulet}, Javier and {Zaldarriaga}, Matias},
	title = "{Detecting Gravitational Waves With Disparate Detector Responses: Two New Binary Black Hole Mergers}",
	journal = {arXiv e-prints},
	keywords = {Astrophysics - High Energy Astrophysical Phenomena, Astrophysics - Instrumentation and Methods for Astrophysics, General Relativity and Quantum Cosmology},
	year = {2019},
	month = {oct},
	eid = {arXiv:1910.09528},
	pages = {arXiv:1910.09528},
	archivePrefix = {arXiv},
	eprint = {1910.09528},
	primaryClass = {astro-ph.HE},
	adsurl = {https://ui.adsabs.harvard.edu/abs/2019arXiv191009528Z},
	adsnote = {Provided by the SAO/NASA Astrophysics Data System}
}

@misc{gracedb,
	title={Gravitational-Wave Candidate Event Database},
	author = {GraceDB},
	year = {2020},
	url={https://gracedb.ligo.org/superevents/public/O3/},
	journal={GraceDB},
	publisher={LIGO}
}
